@inproceedings{
  jw,
  author = {Jordan Wall},
  title = {Class materials for Conduction Heat Transfer},
  booktitle = {},
  year = {},
  isbn = {},
  pages = {5--8, 21},
  location = {},
  doi = {http://www.ewp.rpi.edu/hartford/~wallj2/CHT/Notes/ch05.pdf},
  publisher = {},
  address = {Pratt & Whitney},
}
